/home/matt/rs/references/subsample_interpolation.bib