% This file was created with JabRef 2.5.
% Encoding: UTF8

@ARTICLE{null2005,
  author = {K A Wear et. al.},
  title = {Interlaboratory Comparison of Ultrasonic Backscatter Coefficient
	Measurements From 2 to 9 MHz},
  journal = {J Ultrasound Med Biol`},
  year = {2005},
  volume = {24},
  pages = {1235-1250},
  owner = {matt},
  timestamp = {2008.12.09}
}

@comment{jabref-meta: selector_publisher:}

@comment{jabref-meta: selector_author:}

@comment{jabref-meta: selector_journal:}

@comment{jabref-meta: selector_keywords:}

