/home/matt/rs/references/thesis_high_freq.bib