/home/matt/rs/references/tcd.bib