/home/matt/rs/references/thesis_intro.bib