/home/matt/rs/references/strain_estimation.bib