/home/matt/rs/references/bayesian_regularization.bib