/home/matt/rs/references/plaque_strain.bib